@article{Jiang2020AnUC,
  title={An UWB Channel Impulse Response De-Noising Method for NLOS/LOS Classification Boosting},
  author={Changhui Jiang and Shuai Chen and Yuwei Chen and Di Liu and Yuming Bo},
  journal={IEEE Communications Letters},
  year={2020},
  volume={24},
  pages={2513-2517},
  url={https://api.semanticscholar.org/CorpusID:226609724}
}


@ARTICLE{9870651,
  author={Che, Fuhu and Ahmed, Qasim Zeeshan and Fontaine, Jaron and Van Herbruggen, Ben and Shahid, Adnan and De Poorter, Eli and Lazaridis, Pavlos I.},
  journal={IEEE Sensors Journal}, 
  title={Feature-Based Generalized Gaussian Distribution Method for NLoS Detection in Ultra-Wideband (UWB) Indoor Positioning System}, 
  year={2022},
  volume={22},
  number={19},
  pages={18726-18739},
  keywords={Gaussian distribution;IP networks;Support vector machines;Sensors;Location awareness;Ultra wideband technology;Training;Gaussian distribution (GD) mixture models;generalized Gaussian distribution (GGD);indoor positioning system (IPS);machine learning (ML);nonline-of-sight (NLoS) identification;ultra-wideband (UWB)},
  doi={10.1109/JSEN.2022.3198680}s
}

