@article{Jiang2020AnUC,
  title={An UWB Channel Impulse Response De-Noising Method for NLOS/LOS Classification Boosting},
  author={Changhui Jiang and Shuai Chen and Yuwei Chen and Di Liu and Yuming Bo},
  journal={IEEE Communications Letters},
  year={2020},
  volume={24},
  pages={2513-2517},
  url={https://api.semanticscholar.org/CorpusID:226609724}
}